Tout ce qui n'est pas dans la référence est un commentaire.
Ci-dessous: example d'une références de "type" article avec les champs OBLIGATOIRS à remplir. Il y a des champs optionels comme: volume, number, pages, month, note.
Ce document doit être sauvé dans le même directoir que le document et le document doit inclure à sa fin (mais quand même avant le \end{document}):

\bibliographystyle{plain}
\bibliography{nomdufichierderéférence}

@article{example,
    author    = "",
    title     = "",
    journal   = "",
    year      = "XXXX",
}
